@ARTICLE{6574961, 
author={Peijian Ju and Wei Song and Dizhi Zhou}, 
journal={Communications, IET}, 
title={Survey on cooperative medium access control protocols}, 
year={2013}, 
month={June}, 
volume={7}, 
number={9}, 
pages={893-902}, 
keywords={access protocols;radio networks;wireless channels;MAC layer;MAC protocols;channel capacity;channel fading;channel variation;cooperative communications;cooperative medium access control protocols;mobile terminals;spatial diversity;wireless communication networks}, 
doi={10.1049/iet-com.2012.0739}, 
ISSN={1751-8628},}â€‹


@ARTICLE{4548143, 
author={Ma, R.T.B. and Misra, V. and Rubenstein, D.}, 
journal={Networking, IEEE/ACM Transactions on}, 
title={An Analysis of Generalized Slotted-Aloha Protocols}, 
year={2009}, 
month={June}, 
volume={17}, 
number={3}, 
pages={936-949}, 
keywords={Markov processes;access protocols;channel allocation;probability;MAC protocols;Markov models;channel utilization;generalized slotted-Aloha protocols;medium access control;multiple transmitting devices;probability;randomly selected slots;two-state system;MAC protocols;Markovian decision;Prisoner's Dilemma;Stackelberg Game;short-term fairness;slotted-Aloha}, 
doi={10.1109/TNET.2008.925633}, 
ISSN={1063-6692},}


@ARTICLE{6336861, 
author={Stefanovic, C. and Popovski, P. and Vukobratovic, D.}, 
journal={Communications Letters, IEEE}, 
title={Frameless ALOHA Protocol for Wireless Networks}, 
year={2012}, 
month={December}, 
volume={16}, 
number={12}, 
pages={2087-2090}, 
keywords={access protocols;interference suppression;iterative decoding;probability;radio networks;current contention process;distributed random access scheme;erasure channels;frameless ALOHA protocol;iterative belief-propagation decoding;rateless codes;resolution probability;slot access probability;slotted ALOHA;successive interference cancellation;user transmissions;wireless link;wireless networks;Interference;Iterative decoding;Protocols;Random media;Throughput;Upper bound;Wireless networks;Random access schemes;rateless codes;slotted ALOHA;successive interference cancellation}, 
doi={10.1109/LCOMM.2012.101712.121073}, 
ISSN={1089-7798},}

@INPROCEEDINGS{869217, 
author={Bensaou, B. and Yu Wang and Chi Chung Ko}, 
booktitle={Mobile and Ad Hoc Networking and Computing, 2000. MobiHOC. 2000 First Annual Workshop on}, 
title={Fair medium access in 802.11 based wireless ad-hoc networks}, 
year={2000}, 
month={}, 
pages={99-106}, 
keywords={IEEE standards;access protocols;land mobile radio;network topology;queueing theory;radio networks;telecommunication standards;802.11 based wireless ad-hoc networks;DFWMAC;Distributed Foundation Wireless Medium Access Control;IEEE 802.11;IEEE 802.11 DFWMAC;MAC protocol;broadcast channel sharing;capture effects;dynamic multihop wireless network;fair medium access;fairness index;fairness problem;hidden terminal problem;medium access control protocol;mobile stations;partially-connected network topology;simulation results;wireline networks;Access protocols;Ad hoc networks;Collision avoidance;Intelligent networks;Media Access Protocol;Throughput;Wireless LAN;Wireless application protocol;Wireless communication;Wireless sensor networks}, 
doi={10.1109/MOBHOC.2000.869217},}


@ARTICLE{5340799, 
author={Gummalla, Ajay Chandra V. and Limb, John O.}, 
journal={Communications Surveys Tutorials, IEEE}, 
title={Wireless medium access control protocols}, 
year={2000}, 
month={Second}, 
volume={3}, 
number={2}, 
pages={2-15}, 
keywords={Access protocols;Bandwidth;Communication cables;Media Access Protocol;Planets;Quality of service;Telephony;Wireless application protocol;Wireless networks;Wireless sensor networks}, 
doi={10.1109/COMST.2000.5340799}, 
ISSN={1553-877X},}


@article{FairScheduling,
 author = {Lu, Songwu and Bharghavan, Vaduvur and Srikant, Rayadurgam},
 title = {Fair Scheduling in Wireless Packet Networks},
 journal = {SIGCOMM Comput. Commun. Rev.},
 issue_date = {Oct. 1997},
 volume = {27},
 number = {4},
 month = oct,
 year = {1997},
 issn = {0146-4833},
 pages = {63--74},
 numpages = {12},
 url = {http://doi.acm.org/10.1145/263109.263141},
 doi = {10.1145/263109.263141},
 acmid = {263141},
 publisher = {ACM},
 address = {New York, NY, USA},
} 

@INPROCEEDINGS{Kyasanur, 
author={Kyasanur, P. and Vaidya, N.F.}, 
booktitle={Dependable Systems and Networks, 2003. Proceedings. 2003 International Conference on}, 
title={Detection and handling of MAC layer misbehavior in wireless networks}, 
year={2003}, 
month={June}, 
pages={173-182}, 
keywords={Access protocols;Bandwidth;Computer science;Counting circuits;Data communication;Distributed computing;Intelligent networks;Media Access Protocol;Wireless application protocol;Wireless networks}, 
doi={10.1109/DSN.2003.1209928},}

@ARTICLE{1492362, 
author={Kyasanur, P. and Vaidya, N.F.}, 
journal={Mobile Computing, IEEE Transactions on}, 
title={Selfish MAC layer misbehavior in wireless networks}, 
year={2005}, 
month={Sept}, 
volume={4}, 
number={5}, 
pages={502-516}, 
keywords={access protocols;telecommunication channels;wireless LAN;IEEE 802.11;MAC protocol;distributed contention resolution mechanisms;misbehaving hosts;selfish MAC layer misbehavior;wireless channel;wireless medium access control protocols;wireless networks;Access protocols;Ad hoc networks;Base stations;Counting circuits;Intelligent networks;Media Access Protocol;Monitoring;Throughput;Wireless application protocol;Wireless networks;Index Terms- Wireless communication;network monitoring;network-level security and protection.;public networks}, 
doi={10.1109/TMC.2005.71}, 
ISSN={1536-1233},}



@INPROCEEDINGS{DDoS, 
author={Gupta, V. and Krishnamurthy, S. and Faloutsos, Michalis}, 
booktitle={MILCOM 2002. Proceedings}, 
title={Denial of service attacks at the MAC layer in wireless ad hoc networks}, 
year={2002}, 
month={Oct}, 
volume={2}, 
pages={1118-1123 vol.2}, 
keywords={access protocols;ad hoc networks;military communication;mobile radio;telecommunication congestion control;telecommunication security;telecommunication traffic;IEEE 802.11;MAC layer;MAC protocol;congestion pockets;denial of service attacks;medium access control protocol;mobile ad hoc networks;tactical battlefield missions;traffic patterns;wireless ad hoc networks;Access protocols;Ad hoc networks;Bandwidth;Communication system traffic control;Computer crime;Intelligent networks;Media Access Protocol;Mobile ad hoc networks;Routing;Wireless networks}, 
doi={10.1109/MILCOM.2002.1179634},}

@article{schrage,
author = {Schrage, Linus E. and Miller, Louis W.},
title = {The Queue M/G/1 with the Shortest Remaining Processing Time Discipline},
journal = {Operations Research},
volume = {14},
number = {4},
pages = {670-684},
year = {1966},
doi = {10.1287/opre.14.4.670},
URL = { http://dx.doi.org/10.1287/opre.14.4.670},
eprint = { http://dx.doi.org/10.1287/opre.14.4.670},
}

@article{Suresh,
author = {Shanthi, M. and Suresh, S.},
title = {Detecting MAC Layer Misbehavior in Wifi Networks by Co-ordinated Sampling of Network Monitoring},
journal = {International Journal of Innovative Research in Science, Engineering and Technology},
volume = {3},
number = {1},
year = {2014},
month = {Feb},
keywords = {Hidden markov model, selfish carrier sense, coordinated sampling},
}

@INPROCEEDINGS{Lucani, 
author={Lucani, D.E. and Badra, R.E. and Bianchi, C.M.}, 
booktitle={Vehicular Technology Conference, 2007. VTC-2007 Fall. 2007 IEEE 66th}, 
title={Increasing VoIP Capacity on WiFi Networks through the Use of the FAIR Algorithm for MAC}, 
year={2007}, 
month={Sept}, 
pages={1684-1688}, 
keywords={Internet telephony;access protocols;telecommunication traffic;wireless LAN;FAIR algorithm;IEEE 802.11 networks;VoIP capacity;WiFi networks;distributed control function MAC protocol;voice over IP;Access protocols;Algorithm design and analysis;Communication system traffic control;Delay;Distributed control;Downlink;Internet telephony;Media Access Protocol;Telecommunication traffic;Traffic control}, 
doi={10.1109/VETECF.2007.356}, 
ISSN={1090-3038},}

@inproceedings{Domino,
 author = {Raya, Maxim and Hubaux, Jean-Pierre and Aad, Imad},
 title = {DOMINO: A System to Detect Greedy Behavior in IEEE 802.11 Hotspots},
 booktitle = {Proceedings of the 2Nd International Conference on Mobile Systems, Applications, and Services},
 series = {MobiSys '04},
 year = {2004},
 isbn = {1-58113-793-1},
 location = {Boston, MA, USA},
 pages = {84--97},
 numpages = {14},
 url = {http://doi.acm.org/10.1145/990064.990077},
 doi = {10.1145/990064.990077},
 acmid = {990077},
 publisher = {ACM},
 address = {New York, NY, USA},
 keywords = {IEEE 802.11, MAC, WISP, hotspot, misbehavior, wireless LAN},
} 

@article{Douceur,
 author = {Douceur, John R. and Bolosky, William J.},
 title = {A Large-scale Study of File-system Contents},
 journal = {SIGMETRICS Perform. Eval. Rev.},
 issue_date = {June 1999},
 volume = {27},
 number = {1},
 month = {may},
 year = {1999},
 issn = {0163-5999},
 pages = {59--70},
 numpages = {12},
 url = {http://doi.acm.org/10.1145/301464.301480},
 doi = {10.1145/301464.301480},
 acmid = {301480},
 publisher = {ACM},
 address = {New York, NY, USA},
 keywords = {analytical modeling, directory hierarchy, file-system contents, static data snapshot, workload characterization},
} 



@article{Parek,
 author = {Parekh, Abhay K. and Gallagher, Robert G.},
 title = {A Generalized Processor Sharing Approach to Flow Control in Integrated Services Networks: The Multiple Node Case},
 journal = {IEEE/ACM Trans. Netw.},
 issue_date = {April 1994},
 volume = {2},
 number = {2},
 month = {apr},
 year = {1994},
 issn = {1063-6692},
 pages = {137--150},
 numpages = {14},
 url = {http://dx.doi.org/10.1109/90.298432},
 doi = {10.1109/90.298432},
 acmid = {187047},
 publisher = {IEEE Press},
 address = {Piscataway, NJ, USA},
} 


@inproceedings{demers,
  title={Analysis and simulation of a fair queueing algorithm},
  author={Demers, Alan and Keshav, Srinivasan and Shenker, Scott},
  booktitle={ACM SIGCOMM Computer Communication Review},
  volume={19},
  number={4},
  pages={1--12},
  year={1989},
  organization={ACM}
}


@article{Gonzalez,
 author = {Gonzalez,Jr., Mario J.},
 title = {Deterministic Processor Scheduling},
 journal = {ACM Comput. Surv.},
 issue_date = {Sept. 1977},
 volume = {9},
 number = {3},
 month = {sep},
 year = {1977},
 issn = {0360-0300},
 pages = {173--204},
 numpages = {32},
 url = {http://doi.acm.org/10.1145/356698.356700},
 doi = {10.1145/356698.356700},
 acmid = {356700},
 publisher = {ACM},
 address = {New York, NY, USA},
}





